@book{appelProgramLogicsCertified2014,
  author    = {Andrew W. Appel},
  title     = {Program Logics - for Certified Compilers},
  publisher = {Cambridge University Press},
  year      = {2014},
  url       = {http://www.cambridge.org/de/academic/subjects/computer-science/programming-languages-and-applied-logic/program-logics-certified-compilers?format=HB},
  isbn      = {978-1-10-704801-0},
  timestamp = {Fri, 10 Apr 2015 15:54:50 +0200},
  biburl    = {https://dblp.org/rec/books/daglib/0034962.bib},
  bibsource = {dblp computer science bibliography, https://dblp.org}
}

@misc{appelTacticsSeparationLogic2006,
  title        = {Tactics for {{Separation Logic}}},
  author       = {Andrew W. Appel},
  date         = {2006-01-13},
  organization = {INRIA Rocquencourt \& Princeton University}
}

@article{banachOperationsDansEnsembles1922,
  abstract = {Le but de cette note est d'établir quelques théorèmes valables pour différents champs fonctionnels.},
  author   = {Banach, Stefan},
  journal  = {Fundamenta Mathematicae},
  keywords = {zbierzność funkcji; zbiór I kategorii Baire'a; funkcja całkowalna w sensie Lebesgue'a; zbiór gęsty; operator jednostajnie ciągły; miara Lebesgue'a; operator ciągły; duhamelian; operator addytywny; funkcja mierzalna; funkcja całkowalna w sensie Lebesgue'a z i-tą potęgą; zbiór domknięty; norma; zbiór doskonały; granica ciągu; ciało; funkcja ciągła; kula; punkt skupienia zbioru; funkcja ograniczona},
  language = {fre},
  number   = {1},
  pages    = {133-181},
  title    = {Sur les opérations dans les ensembles abstraits et leur application aux équations intégrales},
  url      = {http://eudml.org/doc/213289},
  volume   = {3},
  year     = {1922}
}

@inproceedings{barnettSpecProgrammingSystem2004,
  author    = {Mike Barnett and
               K. Rustan M. Leino and
               Wolfram Schulte},
  editor    = {Gilles Barthe and
               Lilian Burdy and
               Marieke Huisman and
               Jean{-}Louis Lanet and
               Traian Muntean},
  title     = {The Spec{\#} Programming System: An Overview},
  booktitle = {Construction and Analysis of Safe, Secure, and Interoperable Smart
               Devices, International Workshop, {CASSIS} 2004, Marseille, France,
               March 10-14, 2004, Revised Selected Papers},
  series    = {Lecture Notes in Computer Science},
  volume    = {3362},
  pages     = {49--69},
  publisher = {Springer},
  year      = {2004},
  url       = {https://doi.org/10.1007/978-3-540-30569-9\_3},
  doi       = {10.1007/978-3-540-30569-9\_3},
  timestamp = {Tue, 07 Mar 2023 11:48:33 +0100},
  biburl    = {https://dblp.org/rec/conf/cassis/BarnettLS04.bib},
  bibsource = {dblp computer science bibliography, https://dblp.org}
}

@article{belleanneePragmaticReconstructionLProlog1999,
  author    = {Catherine Belleann{\'{e}}e and
               Pascal Brisset and
               Olivier Ridoux},
  title     = {A Pragmatic Reconstruction of lambda-Prolog},
  journal   = {J. Log. Program.},
  volume    = {41},
  number    = {1},
  pages     = {67--102},
  year      = {1999},
  url       = {https://doi.org/10.1016/S0743-1066(98)10038-9},
  doi       = {10.1016/S0743-1066(98)10038-9},
  timestamp = {Wed, 17 Feb 2021 08:54:26 +0100},
  biburl    = {https://dblp.org/rec/journals/jlp/BelleanneeBR99.bib},
  bibsource = {dblp computer science bibliography, https://dblp.org}
}

@inproceedings{bengtsonCharge2012,
  author    = {Jesper Bengtson and
               Jonas Braband Jensen and
               Lars Birkedal},
  editor    = {Lennart Beringer and
               Amy P. Felty},
  title     = {Charge! - {A} Framework for Higher-Order Separation Logic in Coq},
  booktitle = {Interactive Theorem Proving - Third International Conference, {ITP}
               2012, Princeton, NJ, USA, August 13-15, 2012. Proceedings},
  series    = {Lecture Notes in Computer Science},
  volume    = {7406},
  pages     = {315--331},
  publisher = {Springer},
  year      = {2012},
  url       = {https://doi.org/10.1007/978-3-642-32347-8\_21},
  doi       = {10.1007/978-3-642-32347-8\_21},
  timestamp = {Tue, 14 May 2019 10:00:37 +0200},
  biburl    = {https://dblp.org/rec/conf/itp/BengtsonJB12.bib},
  bibsource = {dblp computer science bibliography, https://dblp.org}
}

@inproceedings{berdineSmallfootModularAutomatic2005,
  author    = {Josh Berdine and
               Cristiano Calcagno and
               Peter W. O'Hearn},
  editor    = {Frank S. de Boer and
               Marcello M. Bonsangue and
               Susanne Graf and
               Willem P. de Roever},
  title     = {Smallfoot: Modular Automatic Assertion Checking with Separation Logic},
  booktitle = {Formal Methods for Components and Objects, 4th International Symposium,
               {FMCO} 2005, Amsterdam, The Netherlands, November 1-4, 2005, Revised
               Lectures},
  series    = {Lecture Notes in Computer Science},
  volume    = {4111},
  pages     = {115--137},
  publisher = {Springer},
  year      = {2005},
  url       = {https://doi.org/10.1007/11804192\_6},
  doi       = {10.1007/11804192\_6},
  timestamp = {Tue, 14 May 2019 10:00:53 +0200},
  biburl    = {https://dblp.org/rec/conf/fmco/BerdineCO05.bib},
  bibsource = {dblp computer science bibliography, https://dblp.org}
}

@inproceedings{blotCompositionalPreprocessingAutomated2023,
  author    = {Valentin Blot and
               Denis Cousineau and
               Enzo Crance and
               Louise Dubois de Prisque and
               Chantal Keller and
               Assia Mahboubi and
               Pierre Vial},
  editor    = {Robbert Krebbers and
               Dmitriy Traytel and
               Brigitte Pientka and
               Steve Zdancewic},
  title     = {Compositional Pre-processing for Automated Reasoning in Dependent
               Type Theory},
  booktitle = {Proceedings of the 12th {ACM} {SIGPLAN} International Conference on
               Certified Programs and Proofs, {CPP} 2023, Boston, MA, USA, January
               16-17, 2023},
  pages     = {63--77},
  publisher = {{ACM}},
  year      = {2023},
  url       = {https://doi.org/10.1145/3573105.3575676},
  doi       = {10.1145/3573105.3575676},
  timestamp = {Tue, 07 Mar 2023 15:01:48 +0100},
  biburl    = {https://dblp.org/rec/conf/cpp/Blot0CPKMV23.bib},
  bibsource = {dblp computer science bibliography, https://dblp.org}
}

@inproceedings{bobotSeparationPredicatesTaste2012,
  author    = {Fran{\c{c}}ois Bobot and
               Jean{-}Christophe Filli{\^{a}}tre},
  editor    = {Toshiaki Aoki and
               Kenji Taguchi},
  title     = {Separation Predicates: {A} Taste of Separation Logic in First-Order
               Logic},
  booktitle = {Formal Methods and Software Engineering - 14th International Conference
               on Formal Engineering Methods, {ICFEM} 2012, Kyoto, Japan, November
               12-16, 2012. Proceedings},
  series    = {Lecture Notes in Computer Science},
  volume    = {7635},
  pages     = {167--181},
  publisher = {Springer},
  year      = {2012},
  url       = {https://doi.org/10.1007/978-3-642-34281-3\_14},
  doi       = {10.1007/978-3-642-34281-3\_14},
  timestamp = {Tue, 14 May 2019 10:00:50 +0200},
  biburl    = {https://dblp.org/rec/conf/icfem/BobotF12.bib},
  bibsource = {dblp computer science bibliography, https://dblp.org}
}

@article{brotherstonCyclicProofsProgram2008,
  author    = {James Brotherston and
               Richard Bornat and
               Cristiano Calcagno},
  editor    = {George C. Necula and
               Philip Wadler},
  title     = {Cyclic proofs of program termination in separation logic},
  booktitle = {Proceedings of the 35th {ACM} {SIGPLAN-SIGACT} Symposium on Principles
               of Programming Languages, {POPL} 2008, San Francisco, California,
               USA, January 7-12, 2008},
  pages     = {101--112},
  publisher = {{ACM}},
  year      = {2008},
  url       = {https://doi.org/10.1145/1328438.1328453},
  doi       = {10.1145/1328438.1328453},
  timestamp = {Sat, 31 Jul 2021 17:22:14 +0200},
  biburl    = {https://dblp.org/rec/conf/popl/BrotherstonBC08.bib},
  bibsource = {dblp computer science bibliography, https://dblp.org}
}

@inproceedings{brotherstonFormalisedInductiveReasoning2007,
  author    = {James Brotherston},
  editor    = {Hanne Riis Nielson and
               Gilberto Fil{\'{e}}},
  title     = {Formalised Inductive Reasoning in the Logic of Bunched Implications},
  booktitle = {Static Analysis, 14th International Symposium, {SAS} 2007, Kongens
               Lyngby, Denmark, August 22-24, 2007, Proceedings},
  series    = {Lecture Notes in Computer Science},
  volume    = {4634},
  pages     = {87--103},
  publisher = {Springer},
  year      = {2007},
  url       = {https://doi.org/10.1007/978-3-540-74061-2\_6},
  doi       = {10.1007/978-3-540-74061-2\_6},
  timestamp = {Tue, 14 May 2019 10:00:52 +0200},
  biburl    = {https://dblp.org/rec/conf/sas/Brotherston07.bib},
  bibsource = {dblp computer science bibliography, https://dblp.org}
}

@article{brotherstonModelCheckingSymbolicheap2016,
  author    = {James Brotherston and
               Nikos Gorogiannis and
               Max I. Kanovich and
               Reuben Rowe},
  editor    = {Rastislav Bod{\'{\i}}k and
               Rupak Majumdar},
  title     = {Model checking for symbolic-heap separation logic with inductive predicates},
  booktitle = {Proceedings of the 43rd Annual {ACM} {SIGPLAN-SIGACT} Symposium on
               Principles of Programming Languages, {POPL} 2016, St. Petersburg,
               FL, USA, January 20 - 22, 2016},
  pages     = {84--96},
  publisher = {{ACM}},
  year      = {2016},
  url       = {https://doi.org/10.1145/2837614.2837621},
  doi       = {10.1145/2837614.2837621},
  timestamp = {Mon, 05 Feb 2024 20:33:38 +0100},
  biburl    = {https://dblp.org/rec/conf/popl/BrotherstonGKR16.bib},
  bibsource = {dblp computer science bibliography, https://dblp.org}
}

@article{caoVSTFloydSeparationLogic2018,
  author    = {Qinxiang Cao and
               Lennart Beringer and
               Samuel Gruetter and
               Josiah Dodds and
               Andrew W. Appel},
  title     = {VST-Floyd: {A} Separation Logic Tool to Verify Correctness of {C}
               Programs},
  journal   = {J. Autom. Reason.},
  volume    = {61},
  number    = {1-4},
  pages     = {367--422},
  year      = {2018},
  url       = {https://doi.org/10.1007/s10817-018-9457-5},
  doi       = {10.1007/S10817-018-9457-5},
  timestamp = {Wed, 02 Sep 2020 13:29:44 +0200},
  biburl    = {https://dblp.org/rec/journals/jar/CaoBGDA18.bib},
  bibsource = {dblp computer science bibliography, https://dblp.org}
}

@inproceedings{chajedVerifyingConcurrentCrashsafe2019,
  author    = {Tej Chajed and
               Joseph Tassarotti and
               M. Frans Kaashoek and
               Nickolai Zeldovich},
  editor    = {Tim Brecht and
               Carey Williamson},
  title     = {Verifying concurrent, crash-safe systems with Perennial},
  booktitle = {Proceedings of the 27th {ACM} Symposium on Operating Systems Principles,
               {SOSP} 2019, Huntsville, ON, Canada, October 27-30, 2019},
  pages     = {243--258},
  publisher = {{ACM}},
  year      = {2019},
  url       = {https://doi.org/10.1145/3341301.3359632},
  doi       = {10.1145/3341301.3359632},
  timestamp = {Tue, 19 Nov 2019 12:45:13 +0100},
  biburl    = {https://dblp.org/rec/conf/sosp/ChajedTKZ19.bib},
  bibsource = {dblp computer science bibliography, https://dblp.org}
}

@article{chlipalaMostlyautomatedVerificationLowlevel2011,
  author    = {Adam Chlipala},
  editor    = {Mary W. Hall and
               David A. Padua},
  title     = {Mostly-automated verification of low-level programs in computational
               separation logic},
  booktitle = {Proceedings of the 32nd {ACM} {SIGPLAN} Conference on Programming
               Language Design and Implementation, {PLDI} 2011, San Jose, CA, USA,
               June 4-8, 2011},
  pages     = {234--245},
  publisher = {{ACM}},
  year      = {2011},
  url       = {https://doi.org/10.1145/1993498.1993526},
  doi       = {10.1145/1993498.1993526},
  timestamp = {Thu, 24 Jun 2021 16:19:30 +0200},
  biburl    = {https://dblp.org/rec/conf/pldi/Chlipala11.bib},
  bibsource = {dblp computer science bibliography, https://dblp.org}
}

@inproceedings{cohenHierarchyBuilderAlgebraic2020,
  author    = {Cyril Cohen and
               Kazuhiko Sakaguchi and
               Enrico Tassi},
  editor    = {Zena M. Ariola},
  title     = {Hierarchy Builder: Algebraic hierarchies Made Easy in Coq with Elpi
               (System Description)},
  booktitle = {5th International Conference on Formal Structures for Computation
               and Deduction, {FSCD} 2020, June 29-July 6, 2020, Paris, France (Virtual
               Conference)},
  series    = {LIPIcs},
  volume    = {167},
  pages     = {34:1--34:21},
  publisher = {Schloss Dagstuhl - Leibniz-Zentrum f{\"{u}}r Informatik},
  year      = {2020},
  url       = {https://doi.org/10.4230/LIPIcs.FSCD.2020.34},
  doi       = {10.4230/LIPICS.FSCD.2020.34},
  timestamp = {Fri, 09 Apr 2021 18:50:42 +0200},
  biburl    = {https://dblp.org/rec/conf/fscd/CohenST20.bib},
  bibsource = {dblp computer science bibliography, https://dblp.org}
}

@inproceedings{cohenTrocqProofTransfer2024,
  author    = {Cyril Cohen and
               Enzo Crance and
               Assia Mahboubi},
  editor    = {Stephanie Weirich},
  title     = {Trocq: Proof Transfer for Free, With or Without Univalence},
  booktitle = {Programming Languages and Systems - 33rd European Symposium on Programming,
               {ESOP} 2024, Held as Part of the European Joint Conferences on Theory
               and Practice of Software, {ETAPS} 2024, Luxembourg City, Luxembourg,
               April 6-11, 2024, Proceedings, Part {I}},
  series    = {Lecture Notes in Computer Science},
  volume    = {14576},
  pages     = {239--268},
  publisher = {Springer},
  year      = {2024},
  url       = {https://doi.org/10.1007/978-3-031-57262-3\_10},
  doi       = {10.1007/978-3-031-57262-3\_10},
  timestamp = {Sat, 08 Jun 2024 13:13:57 +0200},
  biburl    = {https://dblp.org/rec/conf/esop/CohenCM24.bib},
  bibsource = {dblp computer science bibliography, https://dblp.org}
}

@inproceedings{cornesAutomatingInversionInductive1996,
  author    = {Cristina Cornes and
               Delphine Terrasse},
  editor    = {Stefano Berardi and
               Mario Coppo},
  title     = {Automating Inversion of Inductive Predicates in Coq},
  booktitle = {Types for Proofs and Programs, International Workshop TYPES'95, Torino,
               Italy, June 5-8, 1995, Selected Papers},
  series    = {Lecture Notes in Computer Science},
  volume    = {1158},
  pages     = {85--104},
  publisher = {Springer},
  year      = {1995},
  url       = {https://doi.org/10.1007/3-540-61780-9\_64},
  doi       = {10.1007/3-540-61780-9\_64},
  timestamp = {Tue, 14 May 2019 10:00:42 +0200},
  biburl    = {https://dblp.org/rec/conf/types/CornesT95.bib},
  bibsource = {dblp computer science bibliography, https://dblp.org}
}

@article{dangRustBeltMeetsRelaxed2019,
  author    = {Hoang{-}Hai Dang and
               Jacques{-}Henri Jourdan and
               Jan{-}Oliver Kaiser and
               Derek Dreyer},
  title     = {RustBelt meets relaxed memory},
  journal   = {Proc. {ACM} Program. Lang.},
  volume    = {4},
  number    = {{POPL}},
  pages     = {34:1--34:29},
  year      = {2020},
  url       = {https://doi.org/10.1145/3371102},
  doi       = {10.1145/3371102},
  timestamp = {Sat, 30 Sep 2023 10:23:23 +0200},
  biburl    = {https://dblp.org/rec/journals/pacmpl/DangJKD20.bib},
  bibsource = {dblp computer science bibliography, https://dblp.org}
}

@inproceedings{demouraLeanTheoremProver2015,
  author    = {Leonardo Mendon{\c{c}}a de Moura and
               Soonho Kong and
               Jeremy Avigad and
               Floris van Doorn and
               Jakob von Raumer},
  editor    = {Amy P. Felty and
               Aart Middeldorp},
  title     = {The Lean Theorem Prover (System Description)},
  booktitle = {Automated Deduction - {CADE-25} - 25th International Conference on
               Automated Deduction, Berlin, Germany, August 1-7, 2015, Proceedings},
  series    = {Lecture Notes in Computer Science},
  volume    = {9195},
  pages     = {378--388},
  publisher = {Springer},
  year      = {2015},
  url       = {https://doi.org/10.1007/978-3-319-21401-6\_26},
  doi       = {10.1007/978-3-319-21401-6\_26},
  timestamp = {Sat, 30 Sep 2023 09:35:47 +0200},
  biburl    = {https://dblp.org/rec/conf/cade/MouraKADR15.bib},
  bibsource = {dblp computer science bibliography, https://dblp.org}
}

@inproceedings{dunchevELPIFastEmbeddable2015,
  author    = {Cvetan Dunchev and
               Ferruccio Guidi and
               Claudio Sacerdoti Coen and
               Enrico Tassi},
  editor    = {Martin Davis and
               Ansgar Fehnker and
               Annabelle McIver and
               Andrei Voronkov},
  title     = {{ELPI:} Fast, Embeddable, {\(\lambda\)}Prolog Interpreter},
  booktitle = {Logic for Programming, Artificial Intelligence, and Reasoning - 20th
               International Conference, {LPAR-20} 2015, Suva, Fiji, November 24-28,
               2015, Proceedings},
  series    = {Lecture Notes in Computer Science},
  volume    = {9450},
  pages     = {460--468},
  publisher = {Springer},
  year      = {2015},
  url       = {https://doi.org/10.1007/978-3-662-48899-7\_32},
  doi       = {10.1007/978-3-662-48899-7\_32},
  timestamp = {Mon, 26 Jun 2023 20:44:06 +0200},
  biburl    = {https://dblp.org/rec/conf/lpar/DunchevGCT15.bib},
  bibsource = {dblp computer science bibliography, https://dblp.org}
}

@inproceedings{filliatreOneLogicUse2013,
  author    = {Jean{-}Christophe Filli{\^{a}}tre},
  editor    = {Maria Paola Bonacina},
  title     = {One Logic to Use Them All},
  booktitle = {Automated Deduction - {CADE-24} - 24th International Conference on
               Automated Deduction, Lake Placid, NY, USA, June 9-14, 2013. Proceedings},
  series    = {Lecture Notes in Computer Science},
  volume    = {7898},
  pages     = {1--20},
  publisher = {Springer},
  year      = {2013},
  url       = {https://doi.org/10.1007/978-3-642-38574-2\_1},
  doi       = {10.1007/978-3-642-38574-2\_1},
  timestamp = {Tue, 14 May 2019 10:00:39 +0200},
  biburl    = {https://dblp.org/rec/conf/cade/Filliatre13.bib},
  bibsource = {dblp computer science bibliography, https://dblp.org}
}

@inproceedings{fomitchevLockfreeLinkedLists2004a,
  author    = {Mikhail Fomitchev and
               Eric Ruppert},
  editor    = {Soma Chaudhuri and
               Shay Kutten},
  title     = {Lock-free linked lists and skip lists},
  booktitle = {Proceedings of the Twenty-Third Annual {ACM} Symposium on Principles
               of Distributed Computing, {PODC} 2004, St. John's, Newfoundland, Canada,
               July 25-28, 2004},
  pages     = {50--59},
  publisher = {{ACM}},
  year      = {2004},
  url       = {https://doi.org/10.1145/1011767.1011776},
  doi       = {10.1145/1011767.1011776},
  timestamp = {Wed, 14 Nov 2018 10:51:56 +0100},
  biburl    = {https://dblp.org/rec/conf/podc/FomitchevR04.bib},
  bibsource = {dblp computer science bibliography, https://dblp.org}
}

@article{gaherSimulirisSeparationLogic2022,
  author    = {Lennard G{\"{a}}her and
               Michael Sammler and
               Simon Spies and
               Ralf Jung and
               Hoang{-}Hai Dang and
               Robbert Krebbers and
               Jeehoon Kang and
               Derek Dreyer},
  title     = {Simuliris: a separation logic framework for verifying concurrent program
               optimizations},
  journal   = {Proc. {ACM} Program. Lang.},
  volume    = {6},
  number    = {{POPL}},
  pages     = {1--31},
  year      = {2022},
  url       = {https://doi.org/10.1145/3498689},
  doi       = {10.1145/3498689},
  timestamp = {Mon, 05 Dec 2022 13:35:14 +0100},
  biburl    = {https://dblp.org/rec/journals/pacmpl/GaherSSJDKKD22.bib},
  bibsource = {dblp computer science bibliography, https://dblp.org}
}

@article{giarrussoScalaStepbystepSoundness2020,
  author    = {Paolo G. Giarrusso and
               L{\'{e}}o Stefanesco and
               Amin Timany and
               Lars Birkedal and
               Robbert Krebbers},
  title     = {Scala step-by-step: soundness for {DOT} with step-indexed logical
               relations in Iris},
  journal   = {Proc. {ACM} Program. Lang.},
  volume    = {4},
  number    = {{ICFP}},
  pages     = {114:1--114:29},
  year      = {2020},
  url       = {https://doi.org/10.1145/3408996},
  doi       = {10.1145/3408996},
  timestamp = {Wed, 17 Feb 2021 08:54:01 +0100},
  biburl    = {https://dblp.org/rec/journals/pacmpl/GiarrussoSTBK20.bib},
  bibsource = {dblp computer science bibliography, https://dblp.org}
}

@techreport{gonthierSmallScaleReflection2016:inria-00258384,
  title       = {{A Small Scale Reflection Extension for the Coq system}},
  author      = {Gonthier, Georges and Mahboubi, Assia and Tassi, Enrico},
  url         = {https://inria.hal.science/inria-00258384},
  type        = {Research Report},
  number      = {RR-6455},
  institution = {{Inria Saclay Ile de France}},
  year        = {2016},
  pdf         = {https://inria.hal.science/inria-00258384v17/file/main.pdf},
  hal_id      = {inria-00258384},
  hal_version = {v17}
}

@article{guidiImplementingTypeTheory2019,
  author    = {Ferruccio Guidi and
               Claudio Sacerdoti Coen and
               Enrico Tassi},
  title     = {Implementing type theory in higher order constraint logic programming},
  journal   = {Math. Struct. Comput. Sci.},
  volume    = {29},
  number    = {8},
  pages     = {1125--1150},
  year      = {2019},
  url       = {https://doi.org/10.1017/S0960129518000427},
  doi       = {10.1017/S0960129518000427},
  timestamp = {Mon, 26 Jun 2023 20:57:09 +0200},
  biburl    = {https://dblp.org/rec/journals/mscs/GuidiCT19.bib},
  bibsource = {dblp computer science bibliography, https://dblp.org}
}

@inproceedings{harrisPragmaticImplementationNonblocking2001a,
  author    = {Timothy L. Harris},
  editor    = {Jennifer L. Welch},
  title     = {A Pragmatic Implementation of Non-blocking Linked-Lists},
  booktitle = {Distributed Computing, 15th International Conference, {DISC} 2001,
               Lisbon, Portugal, October 3-5, 2001, Proceedings},
  series    = {Lecture Notes in Computer Science},
  volume    = {2180},
  pages     = {300--314},
  publisher = {Springer},
  year      = {2001},
  url       = {https://doi.org/10.1007/3-540-45414-4\_21},
  doi       = {10.1007/3-540-45414-4\_21},
  timestamp = {Tue, 14 May 2019 10:00:54 +0200},
  biburl    = {https://dblp.org/rec/conf/wdag/Harris01.bib},
  bibsource = {dblp computer science bibliography, https://dblp.org}
}

@techreport{huetCoqProofAssistant1997,
  title       = {{The Coq Proof Assistant : A Tutorial : Version 7.2}},
  author      = {Huet, G{\'e}rard and Kahn, Gilles and Paulin-Mohring, Christine},
  url         = {https://inria.hal.science/inria-00069918},
  note        = {Projet COQ},
  type        = {Research Report},
  number      = {RT-0256},
  pages       = {46},
  institution = {{INRIA}},
  year        = {2002},
  month       = Feb,
  keywords    = {COQ ; PROOF ASSISTANT ; FORMAL PROOFS ; CALCULUS OF INDUCTIVES CONSTRUCTIONS},
  pdf         = {https://inria.hal.science/inria-00069918/file/RT-0256.pdf},
  hal_id      = {inria-00069918},
  hal_version = {v1}
}

@article{iristeamIrisReference2023,
  title  = {The {{Iris}} 4.2 {{Reference}}},
  author = {Iris Team, The},
  date   = {2024},
  url    = {https://plv.mpi-sws.org/iris/appendix-4.2.pdf}
}

@article{ishtiaqBIAssertionLanguage2001,
  author    = {Samin S. Ishtiaq and
               Peter W. O'Hearn},
  editor    = {Chris Hankin and
               Dave Schmidt},
  title     = {{BI} as an Assertion Language for Mutable Data Structures},
  booktitle = {Conference Record of {POPL} 2001: The 28th {ACM} {SIGPLAN-SIGACT}
               Symposium on Principles of Programming Languages, London, UK, January
               17-19, 2001},
  pages     = {14--26},
  publisher = {{ACM}},
  year      = {2001},
  url       = {https://doi.org/10.1145/360204.375719},
  doi       = {10.1145/360204.375719},
  timestamp = {Sat, 31 Jul 2021 17:22:15 +0200},
  biburl    = {https://dblp.org/rec/conf/popl/IshtiaqO01.bib},
  bibsource = {dblp computer science bibliography, https://dblp.org}
}

@inproceedings{jacobsVeriFastPowerfulSound2011,
  author    = {Bart Jacobs and
               Jan Smans and
               Pieter Philippaerts and
               Fr{\'{e}}d{\'{e}}ric Vogels and
               Willem Penninckx and
               Frank Piessens},
  editor    = {Mihaela Gheorghiu Bobaru and
               Klaus Havelund and
               Gerard J. Holzmann and
               Rajeev Joshi},
  title     = {VeriFast: {A} Powerful, Sound, Predictable, Fast Verifier for {C}
               and Java},
  booktitle = {{NASA} Formal Methods - Third International Symposium, {NFM} 2011,
               Pasadena, CA, USA, April 18-20, 2011. Proceedings},
  series    = {Lecture Notes in Computer Science},
  volume    = {6617},
  pages     = {41--55},
  publisher = {Springer},
  year      = {2011},
  url       = {https://doi.org/10.1007/978-3-642-20398-5\_4},
  doi       = {10.1007/978-3-642-20398-5\_4},
  timestamp = {Sat, 09 Apr 2022 12:37:30 +0200},
  biburl    = {https://dblp.org/rec/conf/nfm/JacobsSPVPP11.bib},
  bibsource = {dblp computer science bibliography, https://dblp.org}
}

@article{jungHigherorderGhostState2016,
  author    = {Ralf Jung and
               Robbert Krebbers and
               Lars Birkedal and
               Derek Dreyer},
  editor    = {Jacques Garrigue and
               Gabriele Keller and
               Eijiro Sumii},
  title     = {Higher-order ghost state},
  booktitle = {Proceedings of the 21st {ACM} {SIGPLAN} International Conference on
               Functional Programming, {ICFP} 2016, Nara, Japan, September 18-22,
               2016},
  pages     = {256--269},
  publisher = {{ACM}},
  year      = {2016},
  url       = {https://doi.org/10.1145/2951913.2951943},
  doi       = {10.1145/2951913.2951943},
  timestamp = {Sat, 30 Sep 2023 09:45:14 +0200},
  biburl    = {https://dblp.org/rec/conf/icfp/0002KBD16.bib},
  bibsource = {dblp computer science bibliography, https://dblp.org}
}

@article{jungIrisGroundModular2018,
  author    = {Ralf Jung and
               Robbert Krebbers and
               Jacques{-}Henri Jourdan and
               Ales Bizjak and
               Lars Birkedal and
               Derek Dreyer},
  title     = {Iris from the ground up: {A} modular foundation for higher-order concurrent
               separation logic},
  journal   = {J. Funct. Program.},
  volume    = {28},
  pages     = {e20},
  year      = {2018},
  url       = {https://doi.org/10.1017/S0956796818000151},
  doi       = {10.1017/S0956796818000151},
  timestamp = {Sat, 30 Sep 2023 10:19:01 +0200},
  biburl    = {https://dblp.org/rec/journals/jfp/JungKJBBD18.bib},
  bibsource = {dblp computer science bibliography, https://dblp.org}
}

@inproceedings{jungIrisMonoidsInvariants2015a,
  author    = {Ralf Jung and
               David Swasey and
               Filip Sieczkowski and
               Kasper Svendsen and
               Aaron Turon and
               Lars Birkedal and
               Derek Dreyer},
  editor    = {Sriram K. Rajamani and
               David Walker},
  title     = {Iris: Monoids and Invariants as an Orthogonal Basis for Concurrent
               Reasoning},
  booktitle = {Proceedings of the 42nd Annual {ACM} {SIGPLAN-SIGACT} Symposium on
               Principles of Programming Languages, {POPL} 2015, Mumbai, India, January
               15-17, 2015},
  pages     = {637--650},
  publisher = {{ACM}},
  year      = {2015},
  url       = {https://doi.org/10.1145/2676726.2676980},
  doi       = {10.1145/2676726.2676980},
  timestamp = {Mon, 08 Apr 2024 08:19:10 +0200},
  biburl    = {https://dblp.org/rec/conf/popl/JungSSSTBD15.bib},
  bibsource = {dblp computer science bibliography, https://dblp.org}
}

@article{jungRustBeltSecuringFoundations2017,
  author    = {Ralf Jung and
               Jacques{-}Henri Jourdan and
               Robbert Krebbers and
               Derek Dreyer},
  title     = {RustBelt: securing the foundations of the rust programming language},
  journal   = {Proc. {ACM} Program. Lang.},
  volume    = {2},
  number    = {{POPL}},
  pages     = {66:1--66:34},
  year      = {2018},
  url       = {https://doi.org/10.1145/3158154},
  doi       = {10.1145/3158154},
  timestamp = {Sat, 30 Sep 2023 10:23:23 +0200},
  biburl    = {https://dblp.org/rec/journals/pacmpl/0002JKD18.bib},
  bibsource = {dblp computer science bibliography, https://dblp.org}
}

@article{kaiserMtac2TypedTactics2018,
  author    = {Jan{-}Oliver Kaiser and
               Beta Ziliani and
               Robbert Krebbers and
               Yann R{\'{e}}gis{-}Gianas and
               Derek Dreyer},
  title     = {Mtac2: typed tactics for backward reasoning in Coq},
  journal   = {Proc. {ACM} Program. Lang.},
  volume    = {2},
  number    = {{ICFP}},
  pages     = {78:1--78:31},
  year      = {2018},
  url       = {https://doi.org/10.1145/3236773},
  doi       = {10.1145/3236773},
  timestamp = {Wed, 17 Feb 2021 08:54:01 +0100},
  biburl    = {https://dblp.org/rec/journals/pacmpl/KaiserZKRD18.bib},
  bibsource = {dblp computer science bibliography, https://dblp.org}
}

@mastersthesis{koenigImprovedInterfaceInteractive2022,
  author    = {König, Lars},
  year      = {2022},
  title     = {An Improved Interface for Interactive Proofs in Separation Logic},
  doi       = {10.5445/IR/1000153230},
  publisher = {{Karlsruher Institut für Technologie (KIT)}},
  language  = {english}
}

@inproceedings{krebbersEssenceHigherOrderConcurrent2017,
  author    = {Robbert Krebbers and
               Ralf Jung and
               Ales Bizjak and
               Jacques{-}Henri Jourdan and
               Derek Dreyer and
               Lars Birkedal},
  editor    = {Hongseok Yang},
  title     = {The Essence of Higher-Order Concurrent Separation Logic},
  booktitle = {Programming Languages and Systems - 26th European Symposium on Programming,
               {ESOP} 2017, Held as Part of the European Joint Conferences on Theory
               and Practice of Software, {ETAPS} 2017, Uppsala, Sweden, April 22-29,
               2017, Proceedings},
  series    = {Lecture Notes in Computer Science},
  volume    = {10201},
  pages     = {696--723},
  publisher = {Springer},
  year      = {2017},
  url       = {https://doi.org/10.1007/978-3-662-54434-1\_26},
  doi       = {10.1007/978-3-662-54434-1\_26},
  timestamp = {Sat, 30 Sep 2023 09:40:24 +0200},
  biburl    = {https://dblp.org/rec/conf/esop/Krebbers0BJDB17.bib},
  bibsource = {dblp computer science bibliography, https://dblp.org}
}

@article{krebbersInteractiveProofsHigherorder2017,
  author    = {Robbert Krebbers and
               Amin Timany and
               Lars Birkedal},
  editor    = {Giuseppe Castagna and
               Andrew D. Gordon},
  title     = {Interactive proofs in higher-order concurrent separation logic},
  booktitle = {Proceedings of the 44th {ACM} {SIGPLAN} Symposium on Principles of
               Programming Languages, {POPL} 2017, Paris, France, January 18-20,
               2017},
  pages     = {205--217},
  publisher = {{ACM}},
  year      = {2017},
  url       = {https://doi.org/10.1145/3009837.3009855},
  doi       = {10.1145/3009837.3009855},
  timestamp = {Mon, 05 Feb 2024 20:33:37 +0100},
  biburl    = {https://dblp.org/rec/conf/popl/KrebbersTB17.bib},
  bibsource = {dblp computer science bibliography, https://dblp.org}
}

@software{krebbersIris2024,
  title  = {Iris},
  author = {Krebbers, Robbert and Jung, Ralf and Bizjak, Ale\v s and Timany, Amin and Ziliani, Beta and Swasey, David and Dreyer, Derek and Dang, Hai and Jourdan, Jacques-Henri and {Janno} and Hostert, Johannes and Tassarotti, Joseph and Birkedal, Lars and G\"aher, Lennard and Sammler, Michael and Lepigre, Rodolphe and Spies, Simon and Chajed, Tej},
  date   = {2024-06-19},
  url    = {https://gitlab.mpi-sws.org/iris/iris}
}

@article{krebbersMoSeLGeneralExtensible2018,
  author    = {Robbert Krebbers and
               Jacques{-}Henri Jourdan and
               Ralf Jung and
               Joseph Tassarotti and
               Jan{-}Oliver Kaiser and
               Amin Timany and
               Arthur Chargu{\'{e}}raud and
               Derek Dreyer},
  title     = {MoSeL: a general, extensible modal framework for interactive proofs
               in separation logic},
  journal   = {Proc. {ACM} Program. Lang.},
  volume    = {2},
  number    = {{ICFP}},
  pages     = {77:1--77:30},
  year      = {2018},
  url       = {https://doi.org/10.1145/3236772},
  doi       = {10.1145/3236772},
  timestamp = {Sat, 30 Sep 2023 10:23:23 +0200},
  biburl    = {https://dblp.org/rec/journals/pacmpl/KrebbersJ0TKTCD18.bib},
  bibsource = {dblp computer science bibliography, https://dblp.org}
}

@article{leavensPreliminaryDesignJML2006,
  author    = {Gary T. Leavens and
               Albert L. Baker and
               Clyde Ruby},
  title     = {Preliminary design of {JML:} a behavioral interface specification
               language for java},
  journal   = {{ACM} {SIGSOFT} Softw. Eng. Notes},
  volume    = {31},
  number    = {3},
  pages     = {1--38},
  year      = {2006},
  url       = {https://doi.org/10.1145/1127878.1127884},
  doi       = {10.1145/1127878.1127884},
  timestamp = {Thu, 17 Sep 2020 12:05:55 +0200},
  biburl    = {https://dblp.org/rec/journals/sigsoft/LeavensBR06.bib},
  bibsource = {dblp computer science bibliography, https://dblp.org}
}

@inproceedings{leinoDafnyAutomaticProgram2010,
  author    = {K. Rustan M. Leino},
  editor    = {Edmund M. Clarke and
               Andrei Voronkov},
  title     = {Dafny: An Automatic Program Verifier for Functional Correctness},
  booktitle = {Logic for Programming, Artificial Intelligence, and Reasoning - 16th
               International Conference, LPAR-16, Dakar, Senegal, April 25-May 1,
               2010, Revised Selected Papers},
  series    = {Lecture Notes in Computer Science},
  volume    = {6355},
  pages     = {348--370},
  publisher = {Springer},
  year      = {2010},
  url       = {https://doi.org/10.1007/978-3-642-17511-4\_20},
  doi       = {10.1007/978-3-642-17511-4\_20},
  timestamp = {Tue, 14 May 2019 10:00:55 +0200},
  biburl    = {https://dblp.org/rec/conf/lpar/Leino10.bib},
  bibsource = {dblp computer science bibliography, https://dblp.org}
}

@incollection{leinoUsingSpecLanguage2010,
  author    = {K. Rustan M. Leino and
               Peter M{\"{u}}ller},
  editor    = {Peter M{\"{u}}ller},
  title     = {Using the Spec{\#} Language, Methodology, and Tools to Write Bug-Free
               Programs},
  booktitle = {Advanced Lectures on Software Engineering, {LASER} Summer School 2007/2008},
  series    = {Lecture Notes in Computer Science},
  volume    = {6029},
  pages     = {91--139},
  publisher = {Springer},
  year      = {2008},
  url       = {https://doi.org/10.1007/978-3-642-13010-6\_4},
  doi       = {10.1007/978-3-642-13010-6\_4},
  timestamp = {Tue, 14 May 2019 10:00:44 +0200},
  biburl    = {https://dblp.org/rec/conf/laser/LeinoM08.bib},
  bibsource = {dblp computer science bibliography, https://dblp.org}
}

@misc{liesnikovExtendingAutomatingIris2020,
  title        = {Extending and {{Automating Iris Proof Mode}} with {{Ltac2}}},
  author       = {Liesnikov, Bohdan},
  date         = {2020-12-07},
  url          = {https://github.com/liesnikov/msc-thesis/releases/tag/posterity-build},
  organization = {Saarland University Faculty of Mathematics and Computer Science}
}

@inproceedings{matsushitaRustHornBeltSemanticFoundation2022,
  author    = {Yusuke Matsushita and
               Xavier Denis and
               Jacques{-}Henri Jourdan and
               Derek Dreyer},
  editor    = {Ranjit Jhala and
               Isil Dillig},
  title     = {RustHornBelt: a semantic foundation for functional verification of
               Rust programs with unsafe code},
  booktitle = {{PLDI} '22: 43rd {ACM} {SIGPLAN} International Conference on Programming
               Language Design and Implementation, San Diego, CA, USA, June 13 -
               17, 2022},
  pages     = {841--856},
  publisher = {{ACM}},
  year      = {2022},
  url       = {https://doi.org/10.1145/3519939.3523704},
  doi       = {10.1145/3519939.3523704},
  timestamp = {Mon, 05 Feb 2024 20:30:16 +0100},
  biburl    = {https://dblp.org/rec/conf/pldi/MatsushitaDJD22.bib},
  bibsource = {dblp computer science bibliography, https://dblp.org}
}

@inproceedings{millerHigherorderLogicProgramming1986,
  author    = {Dale Miller},
  editor    = {David H. D. Warren and
               P{\'{e}}ter Szeredi},
  title     = {Higher-Order Logic Programming},
  booktitle = {Logic Programming, Proceedings of the Seventh International Conference,
               Jerusalem, Israel, June 18-20, 1990},
  pages     = {784},
  publisher = {{MIT} Press},
  year      = {1990},
  timestamp = {Sun, 12 Nov 2017 16:01:30 +0100},
  biburl    = {https://dblp.org/rec/conf/iclp/Miller90.bib},
  bibsource = {dblp computer science bibliography, https://dblp.org}
}

@book{millerProgrammingHigherOrderLogic2012,
  author    = {Dale Miller and
               Gopalan Nadathur},
  title     = {Programming with Higher-Order Logic},
  publisher = {Cambridge University Press},
  year      = {2012},
  url       = {http://www.cambridge.org/de/academic/subjects/computer-science/programming-languages-and-applied-logic/programming-higher-order-logic?format=HB},
  isbn      = {978-0-521-87940-8},
  timestamp = {Sun, 12 Nov 2017 16:01:29 +0100},
  biburl    = {https://dblp.org/rec/books/daglib/0036008.bib},
  bibsource = {dblp computer science bibliography, https://dblp.org}
}

@article{millerUniformProofsFoundation1991,
  author    = {Dale Miller and
               Gopalan Nadathur and
               Frank Pfenning and
               Andre Scedrov},
  title     = {Uniform Proofs as a Foundation for Logic Programming},
  journal   = {Ann. Pure Appl. Log.},
  volume    = {51},
  number    = {1-2},
  pages     = {125--157},
  year      = {1991},
  url       = {https://doi.org/10.1016/0168-0072(91)90068-W},
  doi       = {10.1016/0168-0072(91)90068-W},
  timestamp = {Sat, 09 Apr 2022 12:27:34 +0200},
  biburl    = {https://dblp.org/rec/journals/apal/MillerNPS91.bib},
  bibsource = {dblp computer science bibliography, https://dblp.org}
}

@article{monfroyConstraintHandlingRules2011,
  author    = {Thom W. Fr{\"{u}}hwirth},
  editor    = {Andreas Podelski},
  title     = {Constraint Handling Rules},
  booktitle = {Constraint Programming: Basics and Trends, Ch{\^{a}}tillon Spring
               School, Ch{\^{a}}tillon-sur-Seine, France, May 16 - 20, 1994, Selected
               Papers},
  series    = {Lecture Notes in Computer Science},
  volume    = {910},
  pages     = {90--107},
  publisher = {Springer},
  year      = {1994},
  url       = {https://doi.org/10.1007/3-540-59155-9\_6},
  doi       = {10.1007/3-540-59155-9\_6},
  timestamp = {Tue, 14 May 2019 10:00:55 +0200},
  biburl    = {https://dblp.org/rec/journals/lncs/Fruhwirth94.bib},
  bibsource = {dblp computer science bibliography, https://dblp.org}
}

@inproceedings{mulderDiaframeAutomatedVerification2022,
  author    = {Ike Mulder and
               Robbert Krebbers and
               Herman Geuvers},
  editor    = {Ranjit Jhala and
               Isil Dillig},
  title     = {Diaframe: automated verification of fine-grained concurrent programs
               in Iris},
  booktitle = {{PLDI} '22: 43rd {ACM} {SIGPLAN} International Conference on Programming
               Language Design and Implementation, San Diego, CA, USA, June 13 -
               17, 2022},
  pages     = {809--824},
  publisher = {{ACM}},
  year      = {2022},
  url       = {https://doi.org/10.1145/3519939.3523432},
  doi       = {10.1145/3519939.3523432},
  timestamp = {Sun, 02 Oct 2022 16:13:44 +0200},
  biburl    = {https://dblp.org/rec/conf/pldi/MulderKG22.bib},
  bibsource = {dblp computer science bibliography, https://dblp.org}
}

@inproceedings{mullerViperVerificationInfrastructure2016,
  author    = {Peter M{\"{u}}ller and
               Malte Schwerhoff and
               Alexander J. Summers},
  editor    = {Barbara Jobstmann and
               K. Rustan M. Leino},
  title     = {Viper: {A} Verification Infrastructure for Permission-Based Reasoning},
  booktitle = {Verification, Model Checking, and Abstract Interpretation - 17th International
               Conference, {VMCAI} 2016, St. Petersburg, FL, USA, January 17-19,
               2016. Proceedings},
  series    = {Lecture Notes in Computer Science},
  volume    = {9583},
  pages     = {41--62},
  publisher = {Springer},
  year      = {2016},
  url       = {https://doi.org/10.1007/978-3-662-49122-5\_2},
  doi       = {10.1007/978-3-662-49122-5\_2},
  timestamp = {Tue, 14 May 2019 10:00:43 +0200},
  biburl    = {https://dblp.org/rec/conf/vmcai/0001SS16.bib},
  bibsource = {dblp computer science bibliography, https://dblp.org}
}

@inproceedings{ohearnLocalReasoningPrograms2001,
  author    = {Peter W. O'Hearn and
               John C. Reynolds and
               Hongseok Yang},
  editor    = {Laurent Fribourg},
  title     = {Local Reasoning about Programs that Alter Data Structures},
  booktitle = {Computer Science Logic, 15th International Workshop, {CSL} 2001. 10th
               Annual Conference of the EACSL, Paris, France, September 10-13, 2001,
               Proceedings},
  series    = {Lecture Notes in Computer Science},
  volume    = {2142},
  pages     = {1--19},
  publisher = {Springer},
  year      = {2001},
  url       = {https://doi.org/10.1007/3-540-44802-0\_1},
  doi       = {10.1007/3-540-44802-0\_1},
  timestamp = {Tue, 14 May 2019 10:00:42 +0200},
  biburl    = {https://dblp.org/rec/conf/csl/OHearnRY01.bib},
  bibsource = {dblp computer science bibliography, https://dblp.org}
}

@inproceedings{parkinsonSeparationLogicAbstraction2005,
  author    = {Matthew J. Parkinson and
               Gavin M. Bierman},
  editor    = {Jens Palsberg and
               Mart{\'{\i}}n Abadi},
  title     = {Separation logic and abstraction},
  booktitle = {Proceedings of the 32nd {ACM} {SIGPLAN-SIGACT} Symposium on Principles
               of Programming Languages, {POPL} 2005, Long Beach, California, USA,
               January 12-14, 2005},
  pages     = {247--258},
  publisher = {{ACM}},
  year      = {2005},
  url       = {https://doi.org/10.1145/1040305.1040326},
  doi       = {10.1145/1040305.1040326},
  timestamp = {Sat, 31 Jul 2021 17:22:14 +0200},
  biburl    = {https://dblp.org/rec/conf/popl/ParkinsonB05.bib},
  bibsource = {dblp computer science bibliography, https://dblp.org}
}

@inproceedings{pfenningHigherorderAbstractSyntax1988,
  author    = {Frank Pfenning and
               Conal Elliott},
  editor    = {Richard L. Wexelblat},
  title     = {Higher-Order Abstract Syntax},
  booktitle = {Proceedings of the {ACM} SIGPLAN'88 Conference on Programming Language
               Design and Implementation (PLDI), Atlanta, Georgia, USA, June 22-24,
               1988},
  pages     = {199--208},
  publisher = {{ACM}},
  year      = {1988},
  url       = {https://doi.org/10.1145/53990.54010},
  doi       = {10.1145/53990.54010},
  timestamp = {Fri, 09 Jul 2021 14:03:46 +0200},
  biburl    = {https://dblp.org/rec/conf/pldi/PfenningE88.bib},
  bibsource = {dblp computer science bibliography, https://dblp.org}
}

@article{raoIrisWasmRobustModular2023,
  author    = {Xiaojia Rao and
               A{\"{\i}}na Linn Georges and
               Maxime Legoupil and
               Conrad Watt and
               Jean Pichon{-}Pharabod and
               Philippa Gardner and
               Lars Birkedal},
  title     = {Iris-Wasm: Robust and Modular Verification of WebAssembly Programs},
  journal   = {Proc. {ACM} Program. Lang.},
  volume    = {7},
  number    = {{PLDI}},
  pages     = {1096--1120},
  year      = {2023},
  url       = {https://doi.org/10.1145/3591265},
  doi       = {10.1145/3591265},
  timestamp = {Mon, 28 Aug 2023 17:23:09 +0200},
  biburl    = {https://dblp.org/rec/journals/pacmpl/RaoGLWPGB23.bib},
  bibsource = {dblp computer science bibliography, https://dblp.org}
}

@inproceedings{reynoldsSeparationLogicLogic2002b,
  author    = {John C. Reynolds},
  title     = {Separation Logic: {A} Logic for Shared Mutable Data Structures},
  booktitle = {17th {IEEE} Symposium on Logic in Computer Science {(LICS} 2002),
               22-25 July 2002, Copenhagen, Denmark, Proceedings},
  pages     = {55--74},
  publisher = {{IEEE} Computer Society},
  year      = {2002},
  url       = {https://doi.org/10.1109/LICS.2002.1029817},
  doi       = {10.1109/LICS.2002.1029817},
  timestamp = {Fri, 24 Mar 2023 00:01:50 +0100},
  biburl    = {https://dblp.org/rec/conf/lics/Reynolds02.bib},
  bibsource = {dblp computer science bibliography, https://dblp.org}
}

@article{rouvoetIntrinsicallyTypedCompilation2021,
  author    = {Arjen Rouvoet and
               Robbert Krebbers and
               Eelco Visser},
  title     = {Intrinsically typed compilation with nameless labels},
  journal   = {Proc. {ACM} Program. Lang.},
  volume    = {5},
  number    = {{POPL}},
  pages     = {1--28},
  year      = {2021},
  url       = {https://doi.org/10.1145/3434303},
  doi       = {10.1145/3434303},
  timestamp = {Wed, 17 Feb 2021 08:54:05 +0100},
  biburl    = {https://dblp.org/rec/journals/pacmpl/RouvoetKV21.bib},
  bibsource = {dblp computer science bibliography, https://dblp.org}
}

@inproceedings{rubinVirtualCacheLine1999,
  author    = {Shai Rubin and
               David Bernstein and
               Michael Rodeh},
  editor    = {Stefan J{\"{a}}hnichen},
  title     = {Virtual Cache Line: {A} New Technique to Improve Cache Exploitation
               for Recursive Data Structures},
  booktitle = {Compiler Construction, 8th International Conference, CC'99, Held as
               Part of the European Joint Conferences on the Theory and Practice
               of Software, ETAPS'99, Amsterdam, The Netherlands, 22-28 March, 1999,
               Proceedings},
  series    = {Lecture Notes in Computer Science},
  volume    = {1575},
  pages     = {259--273},
  publisher = {Springer},
  year      = {1999},
  url       = {https://doi.org/10.1007/978-3-540-49051-7\_18},
  doi       = {10.1007/978-3-540-49051-7\_18},
  timestamp = {Tue, 14 May 2019 10:00:48 +0200},
  biburl    = {https://dblp.org/rec/conf/cc/RubinBR99.bib},
  bibsource = {dblp computer science bibliography, https://dblp.org}
}

@inproceedings{sammlerRefinedCAutomatingFoundational2021,
  author    = {Michael Sammler and
               Rodolphe Lepigre and
               Robbert Krebbers and
               Kayvan Memarian and
               Derek Dreyer and
               Deepak Garg},
  editor    = {Stephen N. Freund and
               Eran Yahav},
  title     = {RefinedC: automating the foundational verification of {C} code with
               refined ownership types},
  booktitle = {{PLDI} '21: 42nd {ACM} {SIGPLAN} International Conference on Programming
               Language Design and Implementation, Virtual Event, Canada, June 20-25,
               2021},
  pages     = {158--174},
  publisher = {{ACM}},
  year      = {2021},
  url       = {https://doi.org/10.1145/3453483.3454036},
  doi       = {10.1145/3453483.3454036},
  timestamp = {Sat, 08 Jan 2022 02:24:31 +0100},
  biburl    = {https://dblp.org/rec/conf/pldi/SammlerLKMD021.bib},
  bibsource = {dblp computer science bibliography, https://dblp.org}
}

@article{sozeauNewLookGeneralized2009,
  author    = {Matthieu Sozeau},
  title     = {A New Look at Generalized Rewriting in Type Theory},
  journal   = {J. Formaliz. Reason.},
  volume    = {2},
  number    = {1},
  pages     = {41--62},
  year      = {2009},
  url       = {https://doi.org/10.6092/issn.1972-5787/1574},
  doi       = {10.6092/ISSN.1972-5787/1574},
  timestamp = {Thu, 24 Sep 2020 13:05:55 +0200},
  biburl    = {https://dblp.org/rec/journals/jfrea/Sozeau09.bib},
  bibsource = {dblp computer science bibliography, https://dblp.org}
}

@inproceedings{srivastavaProgramVerificationUsing2009,
  author    = {Saurabh Srivastava and
               Sumit Gulwani},
  editor    = {Michael Hind and
               Amer Diwan},
  title     = {Program verification using templates over predicate abstraction},
  booktitle = {Proceedings of the 2009 {ACM} {SIGPLAN} Conference on Programming
               Language Design and Implementation, {PLDI} 2009, Dublin, Ireland,
               June 15-21, 2009},
  pages     = {223--234},
  publisher = {{ACM}},
  year      = {2009},
  url       = {https://doi.org/10.1145/1542476.1542501},
  doi       = {10.1145/1542476.1542501},
  timestamp = {Fri, 25 Jun 2021 14:48:54 +0200},
  biburl    = {https://dblp.org/rec/conf/pldi/SrivastavaG09.bib},
  bibsource = {dblp computer science bibliography, https://dblp.org}
}

@inproceedings{summersAutomatingDeductiveVerification2018,
  author    = {Alexander J. Summers and
               Peter M{\"{u}}ller},
  editor    = {Dirk Beyer and
               Marieke Huisman},
  title     = {Automating Deductive Verification for Weak-Memory Programs},
  booktitle = {Tools and Algorithms for the Construction and Analysis of Systems
               - 24th International Conference, {TACAS} 2018, Held as Part of the
               European Joint Conferences on Theory and Practice of Software, {ETAPS}
               2018, Thessaloniki, Greece, April 14-20, 2018, Proceedings, Part {I}},
  series    = {Lecture Notes in Computer Science},
  volume    = {10805},
  pages     = {190--209},
  publisher = {Springer},
  year      = {2018},
  url       = {https://doi.org/10.1007/978-3-319-89960-2\_11},
  doi       = {10.1007/978-3-319-89960-2\_11},
  timestamp = {Fri, 09 Apr 2021 18:45:37 +0200},
  biburl    = {https://dblp.org/rec/conf/tacas/Summers018.bib},
  bibsource = {dblp computer science bibliography, https://dblp.org}
}

@article{tarskiLatticetheoreticalFixpointTheorem1955,
  title   = {A LATTICE-THEORETICAL FIXPOINT THEOREM AND ITS APPLICATIONS},
  author  = {Alfred Tarski},
  journal = {Pacific Journal of Mathematics},
  year    = {1955},
  volume  = {5},
  pages   = {285-309},
  url     = {https://api.semanticscholar.org/CorpusID:13651629}
}

@inproceedings{tassiDerivingProvedEquality2019,
  author    = {Enrico Tassi},
  editor    = {John Harrison and
               John O'Leary and
               Andrew Tolmach},
  title     = {Deriving Proved Equality Tests in Coq-Elpi: Stronger Induction Principles
               for Containers in Coq},
  booktitle = {10th International Conference on Interactive Theorem Proving, {ITP}
               2019, September 9-12, 2019, Portland, OR, {USA}},
  series    = {LIPIcs},
  volume    = {141},
  pages     = {29:1--29:18},
  publisher = {Schloss Dagstuhl - Leibniz-Zentrum f{\"{u}}r Informatik},
  year      = {2019},
  url       = {https://doi.org/10.4230/LIPIcs.ITP.2019.29},
  doi       = {10.4230/LIPICS.ITP.2019.29},
  timestamp = {Sat, 07 Sep 2019 02:31:13 +0200},
  biburl    = {https://dblp.org/rec/conf/itp/Tassi19.bib},
  bibsource = {dblp computer science bibliography, https://dblp.org}
}

@inproceedings{tassiElpiExtensionLanguage2018,
  title       = {{Elpi: an extension language for Coq (Metaprogramming Coq in the Elpi $\lambda$Prolog dialect)}},
  author      = {Tassi, Enrico},
  url         = {https://inria.hal.science/hal-01637063},
  booktitle   = {{The Fourth International Workshop on Coq for Programming Languages}},
  address     = {Los Angeles (CA), United States},
  year        = {2018},
  month       = Jan,
  keywords    = {Coq ; $\lambda$Prolog ; metaprogramming ; extension language},
  pdf         = {https://inria.hal.science/hal-01637063/file/coqpl2018.pdf},
  hal_id      = {hal-01637063},
  hal_version = {v1}
}

@software{tassiLPCICElpilang2023,
  title        = {{{LPCIC}}/Elpi-Lang},
  author       = {Tassi, Enrico and Wintz, Julien},
  date         = {2023-08-21T07:24:19Z},
  origdate     = {2019-04-15T14:56:53Z},
  url          = {https://github.com/LPCIC/elpi-lang},
  organization = {{$\lambda$}Prolog and the Calculus of Inductive Constructions},
  version      = {v0.2.6}
}

@software{Maas2024,
  author    = {van der Maas, Luko},
  title     = {{Artifact for "Extending the Iris Proof Mode with 
               Inductive Predicates using Elpi"}},
  month     = jun,
  year      = 2024,
  publisher = {Zenodo},
  version   = {1.0.0},
  doi       = {10.5281/zenodo.12568605},
  url       = {https://doi.org/10.5281/zenodo.12568605}
}