@inproceedings{cohenHierarchyBuilderAlgebraic2020,
  title = {Hierarchy {{Builder}}: Algebraic Hierarchies Made Easy in {{Coq}} with {{Elpi}}},
  shorttitle = {Hierarchy {{Builder}}},
  author = {Cohen, Cyril and Sakaguchi, Kazuhiko and Tassi, Enrico},
  date = {2020-06-29},
  number = {167},
  pages = {34:1},
  doi = {10.4230/LIPIcs.FSCD.2020.34},
  eventtitle = {{{FSCD}} 2020 - 5th {{International Conference}} on {{Formal Structures}} for {{Computation}} and {{Deduction}}}
}

@inproceedings{dunchevELPIFastEmbeddable2015,
  title = {{{ELPI}}: {{Fast}}, {{Embeddable}}, {{$\lambda$Prolog Interpreter}}},
  shorttitle = {{{ELPI}}},
  booktitle = {Log. {{Program}}. {{Artif}}. {{Intell}}. {{Reason}}.},
  author = {Dunchev, Cvetan and Guidi, Ferruccio and Sacerdoti Coen, Claudio and Tassi, Enrico},
  date = {2015},
  series = {Lecture {{Notes}} in {{Computer Science}}},
  pages = {460--468},
  doi = {10.1007/978-3-662-48899-7_32}
}

@article{guidiImplementingTypeTheory2019,
  title = {Implementing Type Theory in Higher Order Constraint Logic Programming},
  author = {Guidi, Ferruccio and Coen, Claudio Sacerdoti and Tassi, Enrico},
  date = {2019-09},
  journaltitle = {Math. Struct. Comput. Sci.},
  volume = {29},
  number = {8},
  pages = {1125--1150},
  doi = {10.1017/S0960129518000427}
}

@inproceedings{mulderDiaframeAutomatedVerification2022,
  title = {Diaframe: Automated Verification of Fine-Grained Concurrent Programs in {{Iris}}},
  shorttitle = {Diaframe},
  booktitle = {Proc. 43rd {{ACM SIGPLAN Int}}. {{Conf}}. {{Program}}. {{Lang}}. {{Des}}. {{Implement}}.},
  author = {Mulder, Ike and Krebbers, Robbert and Geuvers, Herman},
  date = {2022-06-09},
  series = {{{PLDI}} 2022},
  pages = {809--824},
  doi = {10.1145/3519939.3523432}
}

@unpublished{tassiElpiExtensionLanguage2018,
  title = {Elpi: An Extension Language for {{Coq}} ({{Metaprogramming Coq}} in the {{Elpi $\lambda$Prolog}} Dialect)},
  shorttitle = {Elpi},
  author = {Tassi, Enrico},
  date = {2018-01},
  url = {https://inria.hal.science/hal-01637063}
}

@misc{zotero-249,
  type = {misc}
}
